@ARTICLE{ARTICLE:1,
    AUTHOR="Zwicky, F.",
    TITLE="Die Rotverschiebung von extragalaktischen Nebeln",
    JOURNAL="Helvetica Physica Acta, Vol. 6, p. 110-127",
    YEAR="1933",
}
@ARTICLE{ARTICLE:2,
    AUTHOR="Lundmark,K.",
    TITLE="Über die Bestimmung der Entfernungen, Dimensionen, Massen und Dichtigkeit fur die nächstgelegenen anagalacktischen Sternsysteme",
    JOURNAL="Lund Medd. 125, 1",
    YEAR="1930",
}
@phdthesis{RuizAlvarez:2016mhn,
      author         = "Ruiz Alvarez, Jose David",
      title          = "{Search for a vector-like quark T' decaying into
                        top+Higgs in single production mode in full hadronic final
                        state using CMS data collected at 8 TeV}",
      school         = "Los Andes U.",
      year           = "2016-05-26",
      url            = "http://inspirehep.net/record/1503850/files/CERN-THESIS-2016-049.pdf",
      reportNumber   = "CERN-THESIS-2016-049",
      SLACcitation   = "%%CITATION = CERN-THESIS-2016-049;%%"
}
@article{Freese:2017idy,
      author         = "Freese, Katherine",
      title          = "{Status of Dark Matter in the Universe}",
      booktitle      = "{Proceedings, 14th Marcel Grossmann Meeting on Recent
                        Developments in Theoretical and Experimental General
                        Relativity, Astrophysics, and Relativistic Field Theories
                        (MG14) (In 4 Volumes): Rome, Italy, July 12-18, 2015}",
      journal        = "Int. J. Mod. Phys.",
      volume         = "1",
      year           = "2017",
      number         = "06",
      pages          = "325-355",
      doi            = "10.1142/S0218271817300129, 10.1142/9789813226609_0018",
      eprint         = "1701.01840",
      archivePrefix  = "arXiv",
      primaryClass   = "astro-ph.CO",
      SLACcitation   = "%%CITATION = ARXIV:1701.01840;%%"
}
@article{Bayatian:2006nff,
      author         = "Bayatian, G. L. and others",
      title          = "{CMS Physics}",
      collaboration  = "CMS",
      year           = "2006",
      reportNumber   = "CERN-LHCC-2006-001, CMS-TDR-8-1",
      SLACcitation   = "%%CITATION = CERN-LHCC-2006-001;%%"
}
@article{Alves:2008zz,
      author         = "Alves, Jr., A. Augusto and others",
      title          = "{The LHCb Detector at the LHC}",
      collaboration  = "LHCb",
      journal        = "JINST",
      volume         = "3",
      year           = "2008",
      pages          = "S08005",
      doi            = "10.1088/1748-0221/3/08/S08005",
      SLACcitation   = "%%CITATION = JINST,3,S08005;%%"
}
@article{Aamodt:2008zz,
      author         = "Aamodt, K. and others",
      title          = "{The ALICE experiment at the CERN LHC}",
      collaboration  = "ALICE",
      journal        = "JINST",
      volume         = "3",
      year           = "2008",
      pages          = "S08002",
      doi            = "10.1088/1748-0221/3/08/S08002",
      SLACcitation   = "%%CITATION = JINST,3,S08002;%%"
}


@article{Aad:2008zzm,
      author         = "Aad, G. and others",
      title          = "{The ATLAS Experiment at the CERN Large Hadron Collider}",
      collaboration  = "ATLAS",
      journal        = "JINST",
      volume         = "3",
      year           = "2008",
      pages          = "S08003",
      doi            = "10.1088/1748-0221/3/08/S08003",
      SLACcitation   = "%%CITATION = JINST,3,S08003;%%"
}
@article{CMSTrigger,
      author         = "Khachatryan, Vardan and others",
      title          = "{The CMS trigger system}",
      collaboration  = "CMS",
      journal        = "JINST",
      volume         = "12",
      year           = "2017",
      number         = "01",
      pages          = "P01020",
      doi            = "10.1088/1748-0221/12/01/P01020",
      eprint         = "1609.02366",
      archivePrefix  = "arXiv",
      primaryClass   = "physics.ins-det",
      reportNumber   = "CMS-TRG-12-001, CERN-EP-2016-160",
      SLACcitation   = "%%CITATION = ARXIV:1609.02366;%%"
}
@article{Ade:2015xua,
      author         = "Ade, P. A. R. and others",
      title          = "{Planck 2015 results. XIII. Cosmological parameters}",
      collaboration  = "Planck",
      journal        = "Astron. Astrophys.",
      volume         = "594",
      year           = "2016",
      pages          = "A13",
      doi            = "10.1051/0004-6361/201525830",
      eprint         = "1502.01589",
      archivePrefix  = "arXiv",
      primaryClass   = "astro-ph.CO",
      SLACcitation   = "%%CITATION = ARXIV:1502.01589;%%"
}


